@Misc{Lowpass:web,
author = "Wikipedia",
title = "Low-pass filter",
howpublished = "online",
revised = "Poslední změna 27. listopadu 2019",
cited = "!2019-12-15",
url = "https://en.wikipedia.org/wiki/Low-pass\_filter",
}

@Misc{Highpass:web,
author = "Wikipedia",
title = "High-pass filter",
howpublished = "online",
revised = "Poslední změna 22. listopadu 2019",
cited = "!2019-12-15",
url = "https://en.wikipedia.org/wiki/High-pass\_filter",
}
